@article{shouval2002unified,
  title={A unified model of NMDA receptor-dependent bidirectional synaptic plasticity},
  author={Shouval, Harel Z and Bear, Mark F and Cooper, Leon N},
  journal={Proceedings of the National Academy of Sciences},
  volume={99},
  number={16},
  pages={10831--10836},
  year={2002},
  publisher={National Acad Sciences}
}


@article{yeung2004synaptic,
  title={Synaptic homeostasis and input selectivity follow from a calcium-dependent plasticity model},
  author={Yeung, Luk Chong and Shouval, Harel Z and Blais, Brian S and Cooper, Leon N},
  journal={Proceedings of the National academy of Sciences of the United States of America},
  volume={101},
  number={41},
  pages={14943--14948},
  year={2004},
  publisher={National Acad Sciences}
}


@article{echeveste2014generating,
  title={Generating functionals for computational intelligence: the Fisher information as an objective function for self-limiting Hebbian learning rules},
  author={Echeveste, Rodrigo and Gros, Claudius},
  journal={arXiv preprint arXiv:1410.0507},
  year={2014}
}


@article{graupner2012calcium,
  title={Calcium-based plasticity model explains sensitivity of synaptic changes to spike pattern, rate, and dendritic location},
  author={Graupner, Michael and Brunel, Nicolas},
  journal={Proceedings of the National Academy of Sciences},
  volume={109},
  number={10},
  pages={3991--3996},
  year={2012},
  publisher={National Acad Sciences}
}


@article{macke2009,
  author = "J. Macke and P. Berens and A. Ecker and A. Tolias and M. Bethge",
  title = "Generating Spike Trains with Specified Correlation-Coeffcients",
  year = 2009,
  journal = "Neural Computation",
  keywords = "spike train, correlated poisson, multivariate poisson, noise correlations, discretized gaussian"
}


@article{rosenblatt1958perceptron,
  title={The perceptron: a probabilistic model for information storage and organization in the brain.},
  author={Rosenblatt, Frank},
  journal={Psychological review},
  volume={65},
  number={6},
  pages={386},
  year={1958},
  publisher={American Psychological Association}
}


@article{gutig2006tempotron,
  title={The tempotron: a neuron that learns spike timing--based decisions},
  author={G{\"u}tig, Robert and Sompolinsky, Haim},
  journal={Nature neuroscience},
  volume={9},
  number={3},
  pages={420--428},
  year={2006},
  publisher={Nature Publishing Group}
}


@article{herculano2009human,
  title={The human brain in numbers: a linearly scaled-up primate brain},
  author={Herculano-Houzel, Suzana},
  journal={Frontiers in human neuroscience},
  volume={3},
  year={2009},
  publisher={Frontiers Research Foundation}
}


@article{mnih2015human,
  title={Human-level control through deep reinforcement learning},
  author={Mnih, Volodymyr and Kavukcuoglu, Koray and Silver, David and Rusu, Andrei A and Veness, Joel and Bellemare, Marc G and Graves, Alex and Riedmiller, Martin and Fidjeland, Andreas K and Ostrovski, Georg and others},
  journal={Nature},
  volume={518},
  number={7540},
  pages={529--533},
  year={2015},
  publisher={Nature Publishing Group}
}


@article{karpathy2014deep,
  title={Deep visual-semantic alignments for generating image descriptions},
  author={Karpathy, Andrej and Fei-Fei, Li},
  journal={arXiv preprint arXiv:1412.2306},
  year={2014}
}